@book{a-theory-of-objects,
author={Abadi, Mart√≠n and Cardelli, Luca},
year={1996},
title={A Theory of Objects},
publisher={Springer-Verlag},
address={Berlin, Heidelberg, and New York}
}

@book{sicp,
author={Abelson, Harold and Sussman, Gerald Jay},
year={1985},
title={The Structure and Interpretation of Computer Programs},
publisher={MIT Press},
address={Cambridge, MA}
}

@book{sicp2,
author={Abelson, Harold and Sussman, Gerald Jay},
year={1996},
title={The Structure and Interpretation of Computer Programs},
edition={Second},
publisher={McGraw Hill},
address={Cambridge, MA}
}

@book{cptt,
title={Compilers: Principles, Techniques, and Tools},
author={Aho, Alfred V and Lam, Monica S and Sethi, Ravi and Ullman, Jeffrey D},
year={2006},
edition={Second},
publisher={Addison-Wesley Longman},
address={Boston}
}

@inproceedings{appel1989continuation,
  title={Continuation-passing, closure-passing style},
  author={Appel, Andrew W and Jim, Trevor},
  booktitle={Proceedings ACM Symposium on Principles of Programming Languages},
  pages={293--302},
  year={1989}
}

@book{arnold1998java,
  title={The Java programming language},
  author={Arnold, Ken and Gosling, James and Holmes, David and Holmes, David},
  edition={Second},
  year={1998},
  publisher={Addison-wesley},
  series={The Java Series},
  address={Reading, MA}
}

@misc{armstrong2007programming,
  title={Programming Erlang: Software for a Concurrent World},
  author={Armstrong, Joe},
  year={2007},
  publisher={The Pragmatic Programmers Publishers}
}

@inproceedings{backus1957fortran,
  title={The Fortran automatic coding system},
  author={Backus, John W and Beeber, Robert J and Best, Sheldon and Goldberg, Richard and Haibt, L Mitchell and Herrick, Harlan L and Nelson, Robert A and Sayre, David and Sheridan, Peter B and Stern, H and others},
  booktitle={Papers presented at the February 26-28, 1957, western joint computer conference: Techniques for reliability},
  pages={188--198},
  year={1957}
}

@article{henk1984lambda,
  title={The Lambda Calculus: Its Syntax and Semantics},
  author={Barendregt, Henk P},
  address={Amsterdam},
  publisher={North-Holland},
  year={1981}
}

@article{henk1991lambda,
  title={The Lambda Calculus. Revised edition},
  author={Barendregt, Henk P},
  journal={Studies in Logic and the Foundations of Mathematics},
  address={Amsterdam},
  publisher={North-Holland},
  year={1991}
}

@book{bergin1996history,
  title={History of programming languages},
  author={Bergin Jr, Thomas J and Gibson Jr, Richard G. (eds.)},
  year={1996},
  publisher={Addison-Wesley},
  address={New York}
}

@article{birtwistle1974simula,
  title={Simula begin},
  author={Birtwistle, Graham M and Dahl, Ole-Johan and Myhrhaug, Bjorn},
  journal={sibe},
  year={1974}
}

@article{burstall1969proving,
  title={Proving Properties of Programs by structural Induction},
  author={Burstall, Rod M},
  journal={Computer Journal},
  volume={12},
  number={1},
  pages={41--48},
  year={1969},
  publisher={The British Computer Society}
}

@article{church1944calculi,
  title={The calculi of lambda-conversion},
  author={Church, Alonzo},
  journal={Bull. Amer. Math. Soc},
  volume={50},
  pages={169--172},
  year={1944}
}

@book{the-little-mler,
author={Matthias, Felleisen and Daniel P., Friedman},
year={1996},
title={The Little MLer},
publisher={MIT Press},
address={Cambridge,MA}
}

@book{the-little-schemer,
author={Daniel P., Friedman and Matthias, Felleisen},
year={1996},
title={The Little Schemer},
publisher={MIT Press},
address={Cambridge,MA}
}
